@inproceedings{cer2018universal,
	title	= {Universal Sentence Encoder},
	author	= {Daniel Cer and Yinfei Yang and Sheng-yi Kong and Nan Hua and Nicole Lyn Untalan Limtiaco and Rhomni  St. John and Noah Constant and Mario Guajardo-CÃ©spedes and Steve Yuan and Chris Tar and Yun-hsuan Sung and Brian Strope and Ray Kurzweil},
	year	= {2018},
	URL	= {https://arxiv.org/abs/1803.11175},
	note	= {In submission},
	booktitle	= {In submission to: EMNLP demonstration},
	address	= {Brussels, Belgium}
}
@inproceedings{teng2012recipe,
  title={Recipe recommendation using ingredient networks},
  author={Teng, Chun-Yuen and Lin, Yu-Ru and Adamic, Lada A},
  booktitle={Proceedings of the 4th annual ACM web science conference},
  pages={298--307},
  year={2012}
}
# Food.com
@article{majumder2019generating,
  title={Generating personalized recipes from historical user preferences},
  author={Majumder, Bodhisattwa Prasad and Li, Shuyang and Ni, Jianmo and McAuley, Julian},
  journal={arXiv preprint arXiv:1909.00105},
  year={2019}
}
# RecipeNLG
@inproceedings{bien-etal-2020-recipenlg,
	title = "{R}ecipe{NLG}: A Cooking Recipes Dataset for Semi-Structured Text Generation",
	author = "Bie{\'n}, Micha{\l}  and
	Gilski, Micha{\l}  and
	Maciejewska, Martyna  and
	Taisner, Wojciech  and
	Wisniewski, Dawid  and
	Lawrynowicz, Agnieszka",
	booktitle = "Proceedings of the 13th International Conference on Natural Language Generation",
	month = dec,
	year = "2020",
	address = "Dublin, Ireland",
	publisher = "Association for Computational Linguistics",
	url = "https://www.aclweb.org/anthology/2020.inlg-1.4",
	pages = "22--28"
}
